<record><leader>00000cas a22000007a 4500</leader><controlfield tag="001">9357792</controlfield><controlfield tag="008">830329d19091911ksuwr ne      0    0eng d</controlfield><controlfield tag="009">3789</controlfield><datafield ind1=" " ind2=" " tag="010"><subfield code="a">sn 83040042 </subfield></datafield><datafield ind1=" " ind2=" " tag="040"><subfield code="a">KSH</subfield><subfield code="b">eng</subfield><subfield code="c">KSH</subfield><subfield code="d">NPT</subfield></datafield><datafield ind1="1" ind2=" " tag="029"><subfield code="a">AU@</subfield><subfield code="b">000025788725</subfield></datafield><datafield ind1=" " ind2=" " tag="042"><subfield code="a">msc</subfield></datafield><datafield ind1=" " ind2=" " tag="043"><subfield code="a">n-us-ks</subfield></datafield><datafield ind1="0" ind2="4" tag="245"><subfield code="a">The Harris sun.</subfield></datafield><datafield ind1=" " ind2=" " tag="260"><subfield code="a">Harris, Kan. :</subfield><subfield code="b">Frye &amp; Leftwich,</subfield><subfield code="c">1909-1911.</subfield></datafield><datafield ind1=" " ind2=" " tag="300"><subfield code="a">3 v. :</subfield><subfield code="b">ill. ;</subfield><subfield code="c">55 cm.</subfield></datafield><datafield ind1=" " ind2=" " tag="310"><subfield code="a">Weekly</subfield></datafield><datafield ind1="0" ind2=" " tag="362"><subfield code="a">Vol. 1, no. 11 (May 28, 1909)-v. 3, no. 16 (June 23, 1911).</subfield></datafield><datafield ind1="1" ind2=" " tag="700"><subfield code="a">Frye, Bert C.</subfield></datafield><datafield ind1="1" ind2=" " tag="700"><subfield code="a">Leftwich, Thomas E.</subfield></datafield><datafield ind1=" " ind2=" " tag="752"><subfield code="a">United States</subfield><subfield code="b">Kansas</subfield><subfield code="c">Anderson</subfield><subfield code="d">Harris.</subfield></datafield></record>